<?xml version="1.0" encoding="UTF-8"?>
<record id="catkey_6272783" xmlns="http://www.loc.gov/MARC21/slim">
    <leader>00956cam  22002294a 4500</leader>
    <controlfield tag="001">a6272783</controlfield>
    <controlfield tag="008">060411s2005    rm c     b    000 0 rum c</controlfield>
    <datafield tag="010" ind1=" " ind2=" ">
      <subfield code="a">  2006467796</subfield>
    </datafield>
    <datafield tag="020" ind1=" " ind2=" ">
      <subfield code="a">9738741807</subfield>
    </datafield>
    <datafield tag="020" ind1=" " ind2=" ">
      <subfield code="a">9789738741805</subfield>
    </datafield>
    <datafield tag="035" ind1=" " ind2=" ">
      <subfield code="a">(OCoLC-M)66264549</subfield>
    </datafield>
    <datafield tag="040" ind1=" " ind2=" ">
      <subfield code="a">CGU</subfield>
      <subfield code="c">CGU</subfield>
    </datafield>
    <datafield tag="041" ind1="0" ind2=" ">
      <subfield code="a">rum</subfield>
      <subfield code="a">rus</subfield>
    </datafield>
    <datafield tag="042" ind1=" " ind2=" ">
      <subfield code="a">pcc</subfield>
    </datafield>
    <datafield tag="050" ind1=" " ind2="4">
      <subfield code="a">PC625</subfield>
      <subfield code="b">.E984 2005</subfield>
    </datafield>
    <datafield tag="100" ind1="1" ind2=" ">
      <subfield code="a">Evseev, Ivan.</subfield>
    </datafield>
    <datafield tag="245" ind1="1" ind2="0">
      <subfield code="a">Gândurile și tristețile unui rus lipovean /</subfield>
      <subfield code="c">Ivan Evseev ; volum îngrijit de Anișoara Denis-Condrat.</subfield>
    </datafield>
    <datafield tag="246" ind1="1" ind2="5">
      <subfield code="a">Nevesëlye razmyshlenii͡a russkogo-lipovanina</subfield>
    </datafield>
    <datafield tag="260" ind1=" " ind2=" ">
      <subfield code="a">București :</subfield>
      <subfield code="b">Editura C.R.L.R.,</subfield>
      <subfield code="c">2005.</subfield>
    </datafield>
    <datafield tag="300" ind1=" " ind2=" ">
      <subfield code="a">427 p. :</subfield>
      <subfield code="b">port. ;</subfield>
      <subfield code="c">24 cm.</subfield>
    </datafield>
    <datafield tag="596" ind1=" " ind2=" ">
      <subfield code="a">1</subfield>
    </datafield>
    <datafield tag="650" ind1=" " ind2="0">
      <subfield code="a">Romanian language</subfield>
      <subfield code="x">History and criticism.</subfield>
    </datafield>
    <datafield tag="650" ind1=" " ind2="0">
      <subfield code="a">Romanian literature</subfield>
      <subfield code="x">History and criticism.</subfield>
    </datafield>
    <datafield tag="651" ind1=" " ind2="0">
      <subfield code="a">Romania</subfield>
      <subfield code="x">Politics and government.</subfield>
    </datafield>
    <datafield tag="700" ind1="1" ind2=" ">
      <subfield code="a">Denis-Condrat, Anișoara.</subfield>
    </datafield>
    <datafield tag="910" ind1=" " ind2=" ">
      <subfield code="a">MONORECUnit/24 April 2006/nnt</subfield>
    </datafield>
    <datafield tag="994" ind1=" " ind2=" ">
      <subfield code="a">Z0</subfield>
      <subfield code="b">STF</subfield>
    </datafield>
  </record>
